@Misc{d2010,
author = {European Commission},
title = {{Public procurement indicators 2009}},
month = nov,
year = {2010},
note = {\url{http://ec.europa.eu/internal_market/publicprocurement/docs/indicators2010_en.pdf}}
}

@Misc{d2010a,
author = {European Commission},
title = {{Consultation on the Green paper on expanding the use of e-Procurement in the EU}},
month = oct,
year = {2010},
note = {\url{http://ec.europa.eu/internal_market/consultations/docs/2010/e-procurement/green-paper_en.pdf}}
}


@article{Podlogar2007,
 author = {Mateja Podlogar},
 title = {{Chapter III e-Procurement Success Factors: Challenges and Opportunities for a Small Developing Country}},
 journal = {{e-Procurement in Emerging Economies Theory and Cases, Editors Pani and Agrahari, Group Publishing}},
 year = {2007}
 }

@Misc{siemensEval,
author = {European Commission Internal Market Directorate-General},
title = {{Study on the evaluation of the Action Plan for the implementation of the legal framework for electronic procurement (Phase II). Analysis, assessment and recommendation}},
month = jul,
year = {2010},
url={http://ec.europa.eu/internal_market/consultations/docs/2010/e-procurement/siemens-study_en.pdf}
}


@Misc{d2011,
author = {European Commission},
title = {{ Modernising European public procurement to support growth and employment}},
month = oct,
year = {2011},
note = {\url{http://europa.eu/rapid/pressReleasesAction.do?reference=IP/11/1580}}
}


@Misc{monti2010,
author = {Mario Monti},
title = {{A New Strategy for the Single Market â€“ At the Service of Europe's Economy and Society}},
month = may,
year = {2010},
note = {\url{http://ec.europa.eu/bepa/pdf/monti_report_final_10_05_2010_en.pdf}}
}




%Not use
@article{DBLP:journals/tcci/Alor-HernandezAJPRMBG10,
  author    = {Giner Alor-Hern{\'a}ndez and
               Juan Miguel G{\'o}mez Berb\'{\i}s and
               Alejandro Rodr\'{\i}guez Gonz{\'a}lez et al.},
  title     = {{HYDRA: A Middleware-Oriented Integrated Architecture for e-Procurement in Supply Chains}},
  journal   = {T. Computational Collective Intelligence},
  volume    = {1},
  year      = {2010},
  pages     = {1-20},
  ee        = {http://dx.doi.org/10.1007/978-3-642-15034-0_1},
  bibsource = {DBLP, http://dblp.uni-trier.de}
}


@Misc{peppol,
author = {European Commission},
title = {{Pan-European Public Procurement Online (PEPPOL}},
month = dec,
year = {2011},
note = {\url{http://www.peppol.eu}}
}


@Misc{e-certis,
author = {European Commission},
title = {{eCERTIS}},
month = dec,
year = {2011},
note = {\url{http://ec.europa.eu/markt/ecertis}}
}



@Misc{eNotices,
author = {European Commission},
title = {{e-Notices}},
month = dec,
year = {2011},
note = {\url{http://simap.europa.eu/enotices}}
}


@Misc{formsTed,
author = {European Commission},
title = {{Standard forms for public procurement}},
month = dec,
year = {2011},
note = {\url{http://simap.europa.eu/buyer/forms-standard/index_en.htm}}
}



@Misc{d2003-update,
author = {European Commission},
title = {{Digital Agenda: Turning government data into gold.}},
month = dec,
year = {2012},
note = {\url{http://europa.eu/rapid/pressReleasesAction.do?reference=IP/11/1524&format=HTML&aged=0&language=en&guiLanguage=en}}
}


@Misc{d2003,
author = {European Parliament and European Council},
title = {{Directive 2003/98/EC of the European Parliament and of the Council of 17 November 2003 on the re-use of public sector information.}},
month = nov,
year = {2003},
note = {\url{http://ec.europa.eu/information_society/policy/psi/docs/pdfs/directive/psi\_directive\_en.pdf}}
}












