@book{Vallecillo,
  author    = {Rosa Guerequeta and Antonio Vallecillo},
  title     = {Técnicas de Diseño de Algoritmos },
  publisher = {Servicio de Publicaciones de la Universidad de Málaga},
  year      = {1998},
  isbn      = {84-7496-666-3}
}


@book{Gamma,
	author = {Gamma, Erich   and Helm, Richard   and Johnson, Ralph   and Vlissides, John  },
	howpublished = {Hardcover},
	isbn = {0201633612},
	month = {January},
	priority = {0},
	publisher = {{Addison-Wesley Professional}},
	title = {Design Patterns},
	year = {1995} } 
	
	
@book{CoreJ2ee,
title = {Core J2EE Patterns: Best Practices and Design Strategies, 1/e},
author = {Deepak Alur and John Crupi and Dan Malks},
publisher = {Prentice Hall},
year = {2001}
} 


@book{Interpretes,
  author    = {Jose Emilio Labra Gayo and Juan Manuel Cueva Lovelle and Ra\'{u}l Izquierdo Castanedo
and Aquilino Adolfo Juan Fuente and and Mar\'{i}a C\'{a}ndida Luengo D\'{i}ez and Francisco Ort\'{i}n Soler},
  title     = {Intérpretes y Diseño de Lenguajes de Programación},
  publisher = {Servicio de Publicaciones de la Universidad de Oviedo},

  year      = {2004},
   month = {Abril}
}
%,
   % institution={Universidad de Oviedo},
%isbn      = {XXXX}

  
@book{Fowler1999,
title = {Refactoring: Improving the Design of Existing Code},
address = {Boston, MA, USA},
author = {Martin Fowler},
publisher = {Addison-Wesley},
year = {1999},
description = {AOEvolutionchapter short paper},
isbn = {0-201-48567-2},
keywords = {evolution refactoring software }
} 

@article{DSR1995,
 author = {March, Salvatore T. and Smith, Gerald F.},
 title = {Design and natural science research on information technology},
 journal = {Decis. Support Syst.},
 volume = {15},
 number = {4},
 year = {1995},
 issn = {0167-9236},
 pages = {251--266},
 doi = {http://dx.doi.org/10.1016/0167-9236(94)00041-2},
 publisher = {Elsevier Science Publishers B. V.},
 address = {Amsterdam, The Netherlands, The Netherlands},
 }
