@article{Podlogar2007,
 author = {Mateja Podlogar},
 title = {{Chapter III e-Procurement Success Factors: Challenges and Opportunities for a Small Developing Country}},
 journal = {{e-Procurement in Emerging Economies Theory and Cases, Editors Pani and Agrahari, Group Publishing}},
 year = {2007},
 }

@article{DBLP:journals/tcci/Alor-HernandezAJPRMBG10,
  author    = {Giner Alor-Hern{\'a}ndez and
               Juan Miguel G{\'o}mez Berb\'{\i}s and
               Alejandro Rodr\'{\i}guez Gonz{\'a}lez et al.},
  title     = {{HYDRA: A Middleware-Oriented Integrated Architecture for e-Procurement in Supply Chains}},
  journal   = {T. Computational Collective Intelligence},
  volume    = {1},
  year      = {2010},
  pages     = {1-20},
  ee        = {http://dx.doi.org/10.1007/978-3-642-15034-0_1},
  bibsource = {DBLP, http://dblp.uni-trier.de}
}


@Misc{peppol,
author = {European Commission},
title = {{Pan-European Public Procurement Online (PEPPOL}},
month = dec,
year = {2011},
note = {\url{http://www.peppol.eu}}
}


@Misc{e-certis,
author = {European Commission},
title = {{eCERTIS}},
month = dec,
year = {2011},
note = {\url{http://ec.europa.eu/markt/ecertis}}
}




@book{interoperability,
 author = {Konstantas, Dimitri and Bourri\`{e}res, Jean-Paul and L\'{e}onard, Michel and Boudjlida, Nacer},
 title = {{Interoperability of Enterprise Software and Applications}},
 year = {2005},
 isbn = {1846281512},
 publisher = {Springer-Verlag New York, Inc.},
 address = {Secaucus, NJ, USA},
 }




@TechReport{WSDL,
  author =       {Erik Christensen and  Francisco Curbera and Greg Meredith and Sanjiva Weerawarana},
  title =        {{W}eb {S}ervices {D}escription {L}anguage ({WSDL}) 1.1},
  institution =  {W3C},
  year =         {2001},
  type = {{W3C} Note},
  note = {http://www.w3.org/TR/wsdl}
}


@TechReport{WSDL20,
  author =       {Roberto Chinnici and Jean-Jacques Moreau and Arthur Ryman and Sanjiva Weerawarana},
  title =        {{W}eb {S}ervices {D}escription {L}anguage ({WSDL}) version 2.0 part 1: {C}ore language},
  institution =  {W3C},
  year =         {2007},
  type = {{W3C} Recommendation},
  note = {http://www.w3.org/TR/wsdl}
}

@book{Sowa99knowledge,
	abstract = {Sowa integrates logic, philosophy, linguistics, and computer science into this study of knowledge and its various models and implementations. His definitive new book shows how techniques of artificial intelligence, database design, and object-oriented programming help make knowledge explicit in a form that computer systems can use.},
	author = {Sowa, John  F. },
	citeulike-article-id = {158975},
	howpublished = {Hardcover},
	isbn = {0534949657},
	keywords = {knowledge, representation},
	month = {August},
	priority = {2},
	publisher = {Course Technology},
	title = {{Knowledge Representation: Logical, Philosophical, and Computational Foundations}},
	url = {http://www.amazon.ca/exec/obidos/redirect?tag=citeulike04-20{\&}path=ASIN/0534949657},
	year = {1999}
}



@Misc{plan2004,
author = {European Commmision},
title = {{Plan de acción para la aplicación del marco jurídico de la contratación pública electrónica. SEC(2004)-1639}},
month = dec,
year = {2004},
note = {\url{http://ec.europa.eu/internal_market/publicprocurement/docs/eprocurement/actionplan/actionplan\_es.pdf}}
}



@Misc{siemensEval,
author = {European Commission Internal Market Directorate-General},
title = {{Study on the evaluation of the Action Plan for the implementation of the legal framework for electronic procurement (Phase II). Analysis, assessment and recommendation}},
month = jul,
year = {2010},
note = {\url{http://ec.europa.eu/internal\_market/consultations/docs/2010/e-procurement/siemens-study\_en.pdf}}
}

@Misc{euEval,
author = {European Commmision},
title = {{Evaluation of the 2004 Action Plan for Electronic Public Procurement}},
month = dec,
year = {2010},
note = {\url{http://ec.europa.eu/internal\_market/consultations/docs/2010/e-procurement/evaluation-report\_en.pdf}}
}



@Misc{eNotices,
author = {European Commission},
title = {{e-Notices}},
month = dec,
year = {2011},
note = {\url{http://simap.europa.eu/enotices}}
}


@Misc{formsTed,
author = {European Commission},
title = {{Standard forms for public procurement}},
month = dec,
year = {2011},
note = {\url{http://simap.europa.eu/buyer/forms-standard/index_en.htm}}
}




@INPROCEEDINGS{Fox95anorganisation,
    author = {MS. Fox and M. Barbuceanu and M. Grüninger},
    title = {{An Organisation Ontology for Enterprise Modelling: Preliminary Concepts for Linking Structure and Behaviour}},
    booktitle = {Computers in Industry},
    year = {1995},
    pages = {123--134}
}



@Misc{cpvguide,
author = {European Commission},
title = {{Manual del vocabulario común de contratos públicos}},
month = jan,
year = {2008},
note = {\url{http://simap.europa.eu/codes-and-nomenclatures/codes-cpv/cpv_2008_guide_es.pdf}}
}

@Misc{r2195,
author = {European Commision, DOUE L 74/1 de 15 de Marzo 2008},
title = {Reglamento (CE) nº 2195/2002 de la Comisión, de 28 de noviembre de 2007},
month = nov,
year = {2007},
note = {\url{http://eur-lex.europa.eu/LexUriServ/LexUriServ.do?uri=OJ:L:2008:074:0001:0375:ES:PDF}}
}


@inproceedings{Leukel-ecatalog2005,
 author = {Volker Schmitz and Joerg Leukel and Frank-Dieter Dorloff},
 title = {{Do E-Catalog Standards Support Advanced Processes in B2B E-Commerce? Findings from the CEN/ISSS Workshop eCAT}},
 booktitle = {HICSS '05: Proceedings of the Proceedings of the 38th Annual Hawaii International Conference on System Sciences (HICSS'05) - Track 7},
 year = {2005},
 isbn = {0-7695-2268-8-7},
 pages = {162.3},
 doi = {http://dx.doi.org/10.1109/HICSS.2005.209},
 publisher = {IEEE Computer Society},
 address = {Washington, DC, USA},
 }


@inproceedings{Leukel-standard,
  author = {Joerg Leukel},
  title = {{Standardization of product Ontologies in B2B relationships, On the role of ISO 13584}},
  booktitle={Proceedings of the Tenth Americas Conference on Information Systems},
  address = {New York, United States},
  pages = {4084-4091},
  year = {2004},
}

@inproceedings{Leukel-automating,
  author = {Joerg Leukel},
  title = {Automating Product Classification: The},
  booktitle={Proceedings of the IADIS International Conference e-Society 2004 (ES 2004)},
  address = {Ávila, Spain},
  year = {2004},
}

@article{Leukel-comparative,
  author = {Joerg Leukel and Gregory Maniatopoulos},
  title = {A Comparative Analysis of Product Classification in Public vs. Private e-Procurement},
  journal={The Electronic Journal of e-Government (EJEG)},
  vol={3},
  number={4},
  pages = {201-212}, 
  year = {2005},
}

@article{Leukel-findings,
  author = {Volker Schmitz and Joerg Leukel},
  title = {{Findings and Recommendations from a Pan-European Research Project: Comparative Analysis of E-Catalog Standards}},
  journal={International Journal of IT Standards and Standardization Research (JITSR), Idea Group},
  vol={3},
  number={2},
  pages = {51-65}, 
  year = {2005},
}

@article{Norbert-class,
 author = {Norbert Rainer},
 title = {{El sistema revisado de nomenclaturas y clasificaciones internacionales}},
 journal={CIIU Rev.3, Nace Rev.1, CPA, Unión Europea},
 vol={3},
 number={2},
 pages = {51-65}, 
 year = {1997}
 }




