@TechReport{gartner,
  author =       {Jim Jacobs and Alexander Linden },
  title =        {{Semantic Web Technologies Take Middleware to Next Level}},
  institution =  {Gartner Inc.},
  year =         {2002},
  type = {TR-109295},
  url = {\url{http://www.gartner.com/DisplayDocument?doc_cd=109295}}
}


@InProceedings{Berendt02,
author = {Berendt, Bettina and Hotho, Andreas and Stumme, Gerd},
title = {{Towards Semantic Web Mining}},
booktitle = {The Semantic Web — ISWC 2002},
series = {Lecture Notes in Computer Science},
editor = {Horrocks, Ian and Hendler, James},
publisher = {Springer Berlin / Heidelberg},
isbn = {978-3-540-43760-4},
keyword = {Computer Science},
pages = {264-278},
volume = {2342},
url = {\url{http://dx.doi.org/10.1007/3-540-48005-6\_21}},
note = {10.1007/3-540-48005-6\_21},
year = {2002}
}


@TechReport{OWL11,
  author =       { Peter F. Patel-Schneider and Ian Horrocks },
  title =        {{OWL} {W}eb {O}ntology {L}anguage {O}verview 1.1},
  institution =  {W3C},
  type = {{W3C} Member Submission},
  note={http://www.w3.org/Submission/owl11-overview/},
  year =         {2006}
}



@INPROCEEDINGS{Benjamins98knowledgemanagement,
    author = {Richard Benjamins and Dieter Fensel and Asunción Gómez Pérez},
    title = {{Knowledge Management through Ontologies}},
    booktitle = {Proceedings of the Second International Conference on Practical Aspects Knowledge Management},
    year = {1998},
    pages = {29--30},
    publisher = {}
}


@TechReport{XML11,
  author =       {Tim Bray and  Jean Paoli and C. M. Sperberg-McQueen and Eve Maler and François Yergeau and  John Cowan},
  title =        {{E}xtensible {M}arkup {L}anguage ({XML}) 1.1 ({S}econd {E}dition)},
  institution =  {W3C},
  year =         {2006},
  type = {{W3C} Recommendation},
  note = {http://www.w3.org/TR/xml11/}
}


@proceedings{baader03description,
  editor    = {Franz Baader and
               Diego Calvanese and
               Deborah L. McGuinness and
               Daniele Nardi and
               Peter F. Patel-Schneider},
  title     = {{The Description Logic Handbook: Theory, Implementation, and Applications}},
  booktitle = {Description Logic Handbook},
  publisher = {Cambridge University Press},
  year      = {2003},
  isbn      = {0-521-78176-0},
  bibsource = {DBLP, http://dblp.uni-trier.de}
}


@inproceedings{ decker00knowledge,
    author = "Stefan Decker and Dieter Fensel and Frank van Harmelen and Ian Horrocks and Sergey Melnik and Michel C. A. Klein and Jeen Broekstra",
    title = "{K}nowledge {R}epresentation on the {W}eb",
    booktitle = "Description Logics",
    pages = "89-97",
    year = "2000",
    url = "citeseer.ist.psu.edu/decker00knowledge.html" }



@TechReport{XMLSchema,
  author =       {David C. Fallside and Priscilla Walmsley},
  title =        {{XML} {S}chema {P}art 0: {P}rimer {S}econd {E}dition},
  institution =  {W3C},
  year =         {2004},
  type = {{W3C} Recommendation},
  note = {http://www.w3.org/TR/xmlschema-0/}
}


@TechReport{XML,
  author = {C. M. Sperberg-McQueen and Eve Maler and Jean Paoli and Tim Bray and Fran\c{c}ois Yergeau},
  title = {{E}xtensible {M}arkup {L}anguage ({XML}) 1.0 ({F}ourth {E}dition)},
  institution = {W3C},
  year = {2006},
  note = {http://www.w3.org/TR/2006/REC-xml-20060816},
  type = {{W3C} Recommendation}
}


@article{Perez:2009:SCS:1567274.1567278,
 author = {Jorge P\'{e}rez, Marcelo Arenas and Claudio Gutierrez},
 title = {{Semantics and complexity of SPARQL}},
 journal = {ACM Trans. Database Syst.},
 issue_date = {August 2009},
 volume = {34},
 issue = {3},
 month = {sep},
 year = {2009},
 issn = {0362-5915},
 pages = {16:1--16:45},
 articleno = {16},
 numpages = {45},
 url = {http://doi.acm.org/10.1145/1567274.1567278},
 doi = {http://doi.acm.org/10.1145/1567274.1567278},
 acmid = {1567278},
 publisher = {ACM},
 address = {New York, NY, USA},
 keywords = {Complexity, RDF, SPARQL, query language, semantic Web},
} 

@book{citeulike:1556975,
    day = {10},
    editor = {Hayes, Patrick},
    institution = {W3C},
    month = feb,
    publisher = {World Wide Web Consortium},
    series = {W3C Recommendation},
    title = {{RDF Semantics}},
    url = {\url{http://www.w3.org/TR/rdf-mt/}},
    year = {2004}
}


@TechReport{XPath,
  author =       {James Clark and Steve DeRose},
  title =        {{XML} {P}ath {L}anguage ({XPath}) {V}ersion 1.0},
  institution =  {W3C},
  year =         {1999},
  type = {{W3C} Recommendation},
  note = {http://www.w3.org/TR/xpath}
}


@inproceedings{kifer05,
title = {{A} {R}ealistic {A}rchitecture for the {S}emantic {W}eb.},
author = {Michael Kifer and Jos de Bruijn and Harold Boley and Dieter Fensel},
booktitle = {RuleML},
pages = {17-29},
year = {2005},
ee = {http://dx.doi.org/10.1007/11580072_3},
keywords = {rules semanticWeb }
} 



@TechReport{Swrl,
  author =       {Ian Horrocks and and Peter F. Patel-Schneider and Harold Boley and others},
  title =        {{SWRL}: {A} {S}emantic {W}eb {R}ule {L}anguage {C}ombining {OWL} and {RuleML}},
  institution =  {W3C},
  year =         {2004},
  type = {{W3C} Member Submission},
  note = {http://www.w3.org/Submission/SWRL/}
}

@article{GruberOnto,
	address = {London, UK, UK},
	author = {Gruber, Thomas  R. },
	citeulike-article-id = {244074},
	doi = {10.1006/knac.1993.1008},
	issn = {1042-8143},
	journal = {Knowl. Acquis.},
	month = {June},
	number = {2},
	pages = {199--220},
	publisher = {Academic Press Ltd.},
	title = {{A} translation approach to portable ontology specifications},
	url = {http://portal.acm.org/citation.cfm?id=173747},
	volume = {5},
	year = {1993}
}


@INCOLLECTION{HoPa10a,
  AUTHOR = {Ian Horrocks and Peter F.\ Patel-Schneider},
  BOOKTITLE = {Handbook of Semantic Web Technologies},
  CHAPTER = {9},
  DATE-ADDED = {2010-10-29 10:10:08 +0100},
  DATE-MODIFIED = {2011-08-30 10:05:50 +0100},
  DOI = {10.1007/978-3-540-92913-0},
  EDITOR = {John Domingue and Dieter Fensel and James A. Hendler},
  ISBN = {978-3-540-92912-3},
  PAGES = {365--398},
  PUBLISHER = {Springer},
  TITLE = {{KR} and Reasoning on the Semantic Web: {OWL}},
  URL = {download/2010/HoPa10a.pdf},
  YEAR = {2011},
  BDSK-URL-1 = {download/2010/HoPa10a.pdf}
}


@article{Kifer:1989:FHL:66926.66939,
 author = {Kifer, Michael and Lausen, Georg},
 title = {F-logic: a higher-order language for reasoning about objects, inheritance, and scheme},
 journal = {SIGMOD Rec.},
 volume = {18},
 issue = {2},
 month = {June},
 year = {1989},
 issn = {0163-5808},
 pages = {134--146},
 numpages = {13},
 url = {http://doi.acm.org/10.1145/66926.66939},
 doi = {http://doi.acm.org/10.1145/66926.66939},
 acmid = {66939},
 publisher = {ACM},
 address = {New York, NY, USA},
} 


@INPROCEEDINGS{Ferndez08rdfohloh,
    author = {Sergio Fernández},
    title = {{RDFohloh, a RDF wrapper of Ohloh}},
    booktitle = {In 1st workshop on Social Data on the Web (SDoW2008), co-located with ISWC2008},
    year = {2008}
}


@TechReport{common-vocabularies,
  author =       {SWEO Community Project},
  title =        {{Linking Open Data on the Semantic Web}},
  institution =  {W3C},
  year =         {2011},
  type = {{W3C} Task Force},
  note = {\url{http://www.w3.org/wiki/TaskForces/CommunityProjects/LinkingOpenData/CommonVocabularies}}
}

@TechReport{SKOS-Core,
  author =       {Alistair Miles and Sean Bechhofer},
  title =        {{SKOS} {S}imple {K}nowledge {O}rganisation {S}ystems},
  institution =  {W3C},  
  year =         {2009},
  type = {{W3C} Recommendation},
  note = {\url{http://www.w3.org/TR/skos-reference/}}
}



@TechReport{XML-dsig,
  author =       {Mark Bartel and John Boyer and Barb Fox and Brian LaMacchia and Ed Simon},
  title =        {{XML Signature Syntax and Processing (Second Edition)}},
  institution =  {W3C},  
  year =         {2008},
  type = {{W3C} Recommendation},
  note = {\url{http://www.w3.org/TR/xmldsig-core/}}
}

@TechReport{XML-enc,
  author =       {Takeshi Imamura and Blair Dillaway and Ed Simon},
  title =        {{XML Encryption Syntax and Processing}},
  institution =  {W3C},  
  year =         {2002},
  type = {{W3C} Recommendation},
  note = {\url{http://www.w3.org/TR/xmlenc-core/}}
}



@ARTICLE{Fensel01oil:an,
    author = {Dieter Fensel and Frank Van Harmelen and Ian Horrocks and Deborah L. Mcguinness},
    title = {{OIL: An Ontology Infrastructure for the Semantic Web}},
    journal = {IEEE Intelligent Systems},
    year = {2001},
    pages = {38--45}
}


@article{HM00,
  author = {Hendler, James and McGuinness, Deborah L.},
  journal = {IEEE Intelligent Systems},
  number = 6,
  pages = {67--73},
  title = {{The DARPA Agent Markup Language}},  
  volume = 15,
  year = 2000,  
}

@inProceedings{WSML2006,
  AUTHOR = {Jos de Bruijn and Holger Lausen and Axel Polleres and Dieter Fensel},
  TITLE = {{T}he web service modeling language: {A}n overview},
  BOOKTITLE = {Proc. of the European Semantic Web Conference},
  YEAR = {2006},
}  
@misc{WSMODeri,
   Author = {{WSMO Working Group}},
   Title = {{The Web Service Modeling Ontology (WSMO)}},
   url = {\url{http://www.wsmo.org/}},
  Year = {2006} 
}

@book{isbn1846283965,
title = {{Ontological Engineering: With Examples from the Areas of Knowledge Management, E-Commerce and the Semantic Web (2nd edition)}},
address = {Heidelberg},
editor = {Asunción Gomez-Perez and Mariano Fernandez-Lopez and Oscar Corcho},
publisher = {Springer-Verlag},
year = {2007},
seealso = {http://www4.wiwiss.fu-berlin.de/bookmashup/books/1846283965}, isbn = {1846283965},
keywords = {books semanticweb sweo }
} 

@misc{Benjamins98ontological,
  author = "Richard Benjamins and Dieter Fensel",
  title = "{T}he {O}ntological {E}ngineering {I}nitiative-{KA}",
  text = "R. Benjamins and D. Fensel. The Ontological Engineering Initiative-KA2.
    In N. Guarino, editor, Proceedings of the 1st International Conference on
    Formal Ontologies in Information Systems, FOIS'98, Trento, Italy, pages
    287--301. IOS Press, June 1998.",
  year = "1998"}


  @article{Studer98knowledge,
    author = "Rudi Studer and V. Richard Benjamins and Dieter Fensel",
    title = "{K}nowledge {E}ngineering: {P}rinciples and {M}ethods",
    journal = "Data  Knowledge Engineering",
    volume = "25",
    number = "1-2",
    pages = "161-197",
    year = "1998",
}

@inproceedings{Gruber93towards,
    author = "Thomas R. Gruber",
    title = "{Towards Principles for the Design of Ontologies Used for Knowledge Sharing}",
    booktitle = "{Formal Ontology in Conceptual Analysis and Knowledge Representation}",
    publisher = "Kluwer Academic Publishers",
    address = "Deventer, The Netherlands",
    editor = "N. Guarino and R. Poli",
    year = "1993", }

  
@techreport{Cuenca,
  author= {Bernardo Cuenca Grau},
  title = {{Combination and Integration of Ontologies on the Semantic Web}},
  institution = {Universidad de Valencia},
  year = {2005},
  month = {jul},
  note = {PhD Dissertation}
  }



@TechReport{EuroWordNet,
  author =       {Piek Vossen},
  title =        {{EuroWordNet, General Document}},
  institution =  {University of Amsterdam},
  year =         {1999}
}


@INCOLLECTION{bruijn06-seman-web,
  author = {Bruijn, Jos de and Marc Ehrig and Cristina Feier and
                  Francisco Mart\'{i}n-Recuerda and Fran\c{c}ois
                  Scharffe and Moritz Weiten },
  title = {{O}ntology mediation, merging and aligning},
  booktitle = {Semantic Web Technologies},
  publisher = {Wiley},
  year = {2006}  
}

%ROCAS

@TECHREPORT{Armbrust09abovethe,
    author = {Michael Armbrust and Armando Fox and Rean Griffith and Anthony D. Joseph and Randy H. Katz and Andrew Konwinski and Gunho Lee and David A. Patterson and Ariel Rabkin and Matei Zaharia},
    title = {{Above the Clouds: A Berkeley View of Cloud Computing}},
    institution = {University of California, Berkeley},
    year = {2009}
}


@inproceedings{DBLP:conf/rr/Motik08,
  author    = {Boris Motik},
  title     = {{Semantics and Reasoning Algorithms for a Faithful Integration of Description Logics and Rules}},
  booktitle = {RR},
  year      = {2008},
  pages     = {12}
}

@inproceedings{citeulike:1294570,
    address = {New York, NY, USA},
    author = {Polleres, Axel},
    booktitle = {Proceedings of the 16th international conference on World Wide Web},
    isbn = {978-1-59593-654-7},
    pages = {787--796},
    publisher = {ACM},
    series = {WWW '07},
    title = {{From SPARQL to rules (and back)}},
    year = {2007}
}

@INPROCEEDINGS{Sirin07sparql-dl:sparql,
    author = {Evren Sirin and Bijan Parsia},
    title = {{SPARQL-DL: SPARQL Query for OWL-DL}},
    booktitle = {In 3rd OWL Experiences and Directions Workshop (OWLED-2007},
    year = {2007}
}

@inproceedings{conf/ki/GiurcaP08,
  author = {Giurca, Adrian and Pascalau, Emilian},
  editor = {Nalepa, Grzegorz J. and Baumeister, Joachim},
  booktitle = {KESE},
  publisher = {CEUR-WS.org},
  series = {CEUR Workshop Proceedings},
  title = {{JSON Rules.}},
  url = {\url{http://dblp.uni-trier.de/db/conf/ki/kese2008.html#GiurcaP08}},
  volume = 425,
  year = 2008
}


@inproceedings{Tsarkov2006,
  author = {Dmitry Tsarkov and Ian Horrocks},
  booktitle = {Proc. of the Int. Joint Conf. on Automated Reasoning (IJCAR 2006)},
  pages = {292--297},
  publisher = {Springer},
  series = {Lecture Notes in Artificial Intelligence},
  title = {{FaCT++ Description Logic Reasoner: System Description}},
  volume = 4130,
  year = 2006
}

@article{Sirin_Parsia_Grau_Kalyanpur_Katz_2007, 
title={{Pellet: A practical OWL-DL reasoner}}, 
volume={5},
number={2},
journal={Web Semantics Science Services and Agents on the World Wide Web}, 
publisher={Elsevier}, author={Evren Sirin and Bijan Parsia and Bernardo Cuenca Grau and Aditya Kalyanpur and Yarden Katz}, 
year={2007},
pages={51--53}}


@incollection{Rajeev2001Racer,
    author = {Haarslev, Volker and M{\"{u}}ller, Ralf},
    booktitle = {Automated Reasoning},
    editor = {Gor{\'{e}}, Rajeev and Leitsch, Alexander and Nipkow, Tobias},
    pages = {701--705},
    publisher = {Springer Berlin / Heidelberg},
    series = {Lecture Notes in Computer Science},
    title = {{RACER System Description}},
    volume = {2083},
    year = {2001}
}



@Article{msh09hypertableau,
    author = "Boris Motik and Rob Shearer and Ian Horrocks",
    title = "{Hypertableau Reasoning for Description Logics}",
    journal = "Journal of Artificial Intelligence Research",
    year = "2009",
    volume = "36",
    pages = "165--228"
}

@article{Horst2005,
title={{Completeness, decidability and complexity of entailment for RDF Schema and a semantic extension involving the OWL vocabulary}},
volume={3},
journal={Web Semantics Science Services and Agents on the World Wide Web},
author={Ter Horst, Herman J},
year={2005},
pages={79--115}
}

@article{SomaPrasanna2008, 
	title={{Parallel Inferencing for OWL Knowledge Bases}},
	journal={2008 37th International Conference on Parallel Processing}, publisher={IEEE},
	author={Soma, Ramakrishna and Prasanna, V K},
	year={2008},
	pages={75--82}
	}


@incollection {springerlink:10.1007/978-3-642-04930-9_43,
   author = {Weaver, Jesse and Hendler, James},
   affiliation = {Tetherless World Constellation, Rensselaer Polytechnic Institute, Troy, NY, USA},
   title = {{Parallel Materialization of the Finite RDFS Closure for Hundreds of Millions of Triples}},
   booktitle = {The Semantic Web - ISWC 2009},
   series = {Lecture Notes in Computer Science},
   editor = {Bernstein, Abraham and Karger, David and Heath, Tom and Feigenbaum, Lee and Maynard, Diana and Motta, Enrico and Thirunarayan, Krishnaprasad},
   publisher = {Springer Berlin / Heidelberg},
   isbn = {978-3-642-04929-3},
   keyword = {Computer Science},
   pages = {682--697},
   volume = {5823},
   year = {2009}
}


@inproceedings{Urbani2010WebPIE,
  author = {Urbani, Jacopo and Kotoulas, Spyros and Maassen, Jason and van Harmelen, Frank and Bal, Henri},
  editor = {Aroyo, Lora and Antoniou, Grigoris and Hyvönen, Eero and ten Teije, Annette and Stuckenschmidt, Heiner and Cabral, Liliana and Tudorache, Tania},
  address = {Berlin, Heidelberg},
  booktitle = {Proceedings of the 7th Extended Semantic Web Conference (ESWC)},
  pages = {213--227},
  publisher = {Springer},
  series = {Lecture Notes in Computer Science},
  title = {{OWL Reasoning with WebPIE: Calculating the Closure of 100 Billion Triples}},
  volume = 6088,
  year = 2010,
  month = May
}

@article{HoganHarthPolleres2009,
title={{Scalable Authoritative OWL Reasoning for the Web}},
volume={5},
number={2},
journal={International Journal on Semantic Web and Information Systems},
author={Hogan, Aidan and Harth, Andreas and Polleres, Axel}, 
year={2009}, 
pages={49--90}}

@inproceedings{DBLP:conf/semweb/HoganPPD10,
  author    = {Aidan Hogan and Jeff Z. Pan and Axel Polleres and Stefan Decker},
  title     = {{SAOR: Template Rule Optimisations for Distributed Reasoning over 1 Billion Linked Data Triples}},
  booktitle = {International Semantic Web Conference (1)},
  year      = {2010},
  pages     = {337-353}
  }


@inproceedings{citeulike:430834,
    author = {Dean, Jeffrey and Ghemawat, Sanjay},
    journal = {OSDI '04},
    pages = {137--150},
    title = {{MapReduce: Simplified Data Processing on Large Clusters}},
    url = {\url{http://www.usenix.org/events/osdi04/tech/dean.html}}
}



@inproceedings{DBLP:conf/ijcai/SimancikKH11,
  author    = {Frantisek Simancik and Yevgeny Kazakov and Ian Horrocks},
  title     = {{Consequence-Based Reasoning beyond Horn Ontologies}},
  booktitle = {IJCAI},
  year      = {2011},
  pages     = {1093-1098}
  }

@inproceedings{DBLP:conf/aaai/RudolphKH08,
  author    = {Sebastian Rudolph and Markus Kr{\"o}tzsch and Pascal Hitzler},
  title     = {{Terminological Reasoning in SHIQ with Ordered Binary Decision Diagrams}},
  booktitle = {AAAI},
  year      = {2008},
  pages     = {529-534}
}

@inproceedings{DBLP:conf/semweb/UrbaniKOH09,
  author    = {Jacopo Urbani and Spyros Kotoulas and Eyal Oren and Frank van Harmelen},
  title     = {{Scalable Distributed Reasoning Using MapReduce}},
  booktitle = {International Semantic Web Conference},
  year      = {2009},
  pages     = {634-649}
}

@article{UrbaniMaassenBal2010,
title={{Massive Semantic Web data compression with MapReduce}},
journal={Processing},
publisher={ACM},
author={Urbani, Jacopo and Maassen, Jason and Bal, Henri},
year={2010},
pages={795--802}}

@techreport{org-ontology,
   Author = {{Dave Reynolds}},
   Title = {{The Web Service Modeling Ontology (WSMO)}},
   url = {\url{http://www.epimorphics.com/public/vocabulary/org.html}},
   institution = {Epimorphics Ltd},
  Year = {2010} 
}




@inproceedings{HeppTrueComplexity,
 author = {Martin Hepp},
 title = {{The True Complexity of Product Representacion in the Semantic Web}},
 booktitle = {Proceedings of the 14th European Conference on Information System (ECIS 006)},
 address = {Gothenburg, Sweden},
 year = {2006},
 }


@inproceedings{HeppEclass,
 author = {Martin Hepp},
 title = {{eClassOWL: A Fully-Fledged Products and Services Ontology in OWL}},
 booktitle = {Poster Proceedings of the 4th International Semantic Web Conference (ISWC2005)},
 address = {Galway, Ireland},
 year = {2005},
 }

@article{HeppMethodology,
 author = {Martin Hepp},
 title = {{A Methodology for Deriving OWL Ontologies from Products adn Services Categorization Standards}},
 booktitle = {Journal on Semantic Web & Information Systems (IJSWIS)},
 number={1},
 pages = {72-99}, 
 year = {2006},
 }

@inproceedings{Yu:2009:CSI:1693684.1693743,
 author = {Yu, Yang and Hillman, Donald and Setio, Basuki and Heflin, Jeff},
 title = {{A Case Study in Integrating Multiple E-commerce Standards via Semantic Web Technology}},
 booktitle = {Proceedings of the 8th International Semantic Web Conference},
 series = {ISWC '09},
 year = {2009},
 isbn = {978-3-642-04929-3},
 location = {Chantilly, VA},
 pages = {909--924},
 numpages = {16},
 url = {http://dx.doi.org/10.1007/978-3-642-04930-9_57},
 doi = {http://dx.doi.org/10.1007/978-3-642-04930-9_57},
 acmid = {1693743},
 publisher = {Springer-Verlag},
 address = {Berlin, Heidelberg},
 keywords = {e-commerce, ontology integration},
} 

@inproceedings{FenselOmel2001,
 author = {Borys Omelayenko and Dieter Fensel},
 title = {{An Analysis of B2B Catalogue Integration Problems}},
 booktitle = {Proceedings of the International Conference on Enterprise Information Systems (ICEIS-2001)},
 address = {Setúbal,Portugal},
 year = {2001},
 }

@article{FenselDing2001,
 author = {Dieter Fensel and Ying Ding and Borys Omelayenko },
 title = {{Product Data Integration in B2B E-commerce}},
 journal = {IEEE-Intelligent E-Business}, 
 pages = {54-59}, 
 year = {2001},
 }


@misc{ CorchoECommerce,
   author = {Oscar Corcho and Asunción Gómez Pérez},
   title = {{Integrating E-Commerce Standards and Initiatives in a Multi-Layered Ontology}},
   url = {citeseer.ist.psu.edu/662736.html} 
}

@Misc{loted-project,
author = {LOTED Project.},
title = {{ LOTED -- Linked Open Tenders Electronic Daily.}},
month = dec,
year = {2011},
note = {\url{http://loted.eu:8081/LOTED1Rep/}}
}

@Misc{latc-project,
author = {LATC Project.},
title = {{LATC -- Linked Open Data Around-The-Clock.}},
month = dec,
year = {2011},
note = {\url{http://latc-project.eu/}}
}

@PROCEEDINGS{XSL,
  title = {{XSL} {T}ransformations ({XSLT})},
  year = {1999},
  editor = {James Clark},
  organization = {W3C},
  file = {XSL Transformations (XSLT):http\://www.w3.org/TR/xslt:URL},
  timestamp = {2008.03.27}
}

@techreport{Milin,
  author= {Emilio Rubiera Azcona},
  title = {{R}ecursos digitales de lexicografía especializada: {A}vances en {N}uevas {T}ecnologías},
  institution = {Facultad de Filolog\'{i}a, Universidad de Oviedo},
  year = {2007},
  month = {Sep}
  }

 @techreport{Sergio,
  author= {Sergio Fernández López},
  title = {{SWAML}, {P}ublicación de {L}istas de {C}orreo en {W}eb {S}emántica},
  institution = {Escuela Universitaria de Ingeniería Técnica  Informática Oviedo},
  year = {2006},
  month = {December},
  note = {Bachelor's thesis},
  }



@article{journals/ercim/Motik08,
  author = {Motik, Boris},
  journal = {ERCIM News},
  keywords = {dblp},
  number = 72,
  title = {KAON2 - Scalable Reasoning over Ontologies with Large Data Sets.},
  volume = 2008,
  year = 2008
}


@Misc{joinup-europe,
author = {Joinup and EEuropean Commission},
title = {{Share and reuse open source software, semantic assets and other interoperability solutions for public administrations.}},
month = feb,
year = {2012},
note = {\url{http://joinup.ec.europa.eu/}}
}


